<?xml version="1.0" encoding="UTF-8"?><collection xmlns="http://www.loc.gov/MARC21/slim"><record><leader>00367nam--2200133-i-4500</leader><controlfield tag="001">000017201</controlfield><controlfield tag="002">20161230</controlfield><controlfield tag="005">20161230201032</controlfield><controlfield tag="008">060222s1000------------r-----000-0-eng-d</controlfield><datafield ind1=" " ind2=" " tag="020"><subfield code="a">9971-950</subfield></datafield><datafield ind1=" " ind2=" " tag="080"><subfield code="a">5:6(061.3)</subfield></datafield><datafield ind1=" " ind2=" " tag="245"><subfield code="a">30 years`review of china`s science &amp; technolog y (1949-1979)</subfield></datafield><datafield ind1=" " ind2=" " tag="260"><subfield code="a">World Scientific Publishing, Singapore, 1981 313 P</subfield></datafield><datafield ind1=" " ind2=" " tag="852"><subfield code="a">80117</subfield></datafield></record></collection>